@article{gatto2020selecting,
	title={Selecting in or Selecting Out? Gender Gaps and Political Methodology in Europe},
	author={Gatto, Malu AC and Gohdes, Anita R and Traber, Denise and Van Der Velden, Mariken ACG},
	journal={PS: Political Science \& Politics},
	volume={53},
	number={1},
	pages={122--127},
	year={2020},
	publisher={Cambridge University Press},
	doi = {10.1017/S1049096519001288}
}

@article{teele_thelen_2017, 
	title={Gender in the Journals: Publication Patterns in Political Science}, 
	volume={50}, 
	DOI={10.1017/S1049096516002985}, 
	number={2}, 
	journal={PS: Political Science &amp; Politics}, 
	publisher={Cambridge University Press}, 
	author={Teele, Dawn Langan and Thelen, Kathleen},
	 year={2017}, 
	 pages={433–447}
 }

@article{rossiter1993matthew,
	title={The Matthew Matilda effect in science},
	author={Rossiter, Margaret W},
	journal={Social studies of science},
	volume={23},
	number={2},
	pages={325--341},
	year={1993},
	publisher={Sage Publications London},
	doi = {10.1177/030631293023002004}
}


@article{brown_samuels_2018, title={Beyond the Gender Citation Gap: Comments on Dion, Sumner, and Mitchell}, volume={26}, DOI={10.1017/pan.2018.14}, number={3}, journal={Political Analysis}, publisher={Cambridge University Press}, author={Brown, Nadia E. and Samuels, David}, year={2018}, pages={328–330}}

@article{koenig_ropers_2018, title={Gender and Editorial Outcomes at the American Political Science Review}, volume={51}, DOI={10.1017/S1049096518000604}, number={4}, journal={PS: Political Science &amp; Politics}, publisher={Cambridge University Press}, author={König, Thomas and Ropers, Guido}, year={2018}, pages={849–853}}

@article{brown_horiuchi_htun_samuels_2020, title={Gender Gaps in Perceptions of Political Science Journals}, volume={53}, DOI={10.1017/S1049096519001227}, number={1}, journal={PS: Political Science &amp; Politics}, publisher={Cambridge University Press}, author={Brown, Nadia E. and Horiuchi, Yusaku and Htun, Mala and Samuels, David}, year={2020}, pages={114–121}}

@article{breuning_gross_feinberg_martinez_sharma_ishiyama_2018, title={Clearing the Pipeline? Gender and the Review Process at the American Political Science Review}, volume={51}, DOI={10.1017/S1049096518000069}, number={3}, journal={PS: Political Science&amp; Politics}, publisher={Cambridge University Press}, author={Breuning, Marijke and Gross, Benjamin Isaak and Feinberg, Ayal and Martinez, Melissa and Sharma, Ramesh and Ishiyama, John}, year={2018}, pages={629–634}}

@article{maliniak_powers_walter_2013, title={The Gender Citation Gap in International Relations}, volume={67}, DOI={10.1017/S0020818313000209}, number={4}, journal={International Organization}, publisher={Cambridge University Press}, author={Maliniak, Daniel and Powers, Ryan and Walter, Barbara F.}, year={2013}, pages={889–922}}